
@ARTICLE{Balogh1999,
   author = {{Balogh}, A. and {Bothmer}, V. and {Crooker}, N.~U. and {Forsyth}, R.~J. and 
	{Gloeckler}, G. and {Hewish}, A. and {Hilchenbach}, M. and {Kallenbach}, R. and 
	{Klecker}, B. and {Linker}, J.~A. and {Lucek}, E. and {Mann}, G. and 
	{Marsch}, E. and {Posner}, A. and {Richardson}, I.~G. and {Schmidt}, J.~M. and 
	{Scholer}, M. and {Wang}, Y.-M. and {Wimmer-Schweingruber}, R.~F. and 
	{Aellig}, M.~R. and {Bochsler}, P. and {Hefti}, S. and {Miki{\'c}}, Z.
	},
    title = "{The Solar Origin of Corotating Interaction Regions and Their Formation in the Inner Heliosphere}",
  journal = {\ssr},
     year = 1999,
    month = jul,
   volume = 89,
    pages = {141-178},
      doi = {10.1023/A:1005245306874},
   adsurl = {http://adsabs.harvard.edu/abs/1999SSRv...89..141B},
  adsnote = {Provided by the SAO/NASA Astrophysics Data System}
}

@ARTICLE{Banaszkiewicz1998,
   author = {{Banaszkiewicz}, M. and {Axford}, W.~I. and {McKenzie}, J.~F.
	},
    title = "{An analytic solar magnetic field model}",
  journal = {\aap},
 keywords = {SUN: CORONA, SUN: MAGNETIC FIELDS},
     year = 1998,
    month = sep,
   volume = 337,
    pages = {940-944},
   adsurl = {http://adsabs.harvard.edu/abs/1998A%26A...337..940B},
  adsnote = {Provided by the SAO/NASA Astrophysics Data System}
}

@ARTICLE{Biermann1951,
   author = {{Biermann}, L.},
    title = "{Kometenschweife und solare Korpuskularstrahlung}",
  journal = {\zap},
     year = 1951,
   volume = 29,
    pages = {274},
   adsurl = {http://adsabs.harvard.edu/abs/1951ZA.....29..274B},
  adsnote = {Provided by the SAO/NASA Astrophysics Data System}
}

@ARTICLE{Bougeret1984,
   author = {{Bougeret}, J.-L. and {King}, J.~H. and {Schwenn}, R.},
    title = "{Solar radio burst and in situ determination of interplanetary electron density}",
  journal = {\solphys},
 keywords = {Electron Density (Concentration), Interplanetary Medium, Solar Radio Bursts, Harmonics, Helios 1, Helios 2, Plasma Frequencies, Solar Wind},
     year = 1984,
    month = feb,
   volume = 90,
    pages = {401-412},
      doi = {10.1007/BF00173965},
   adsurl = {http://adsabs.harvard.edu/abs/1984SoPh...90..401B},
  adsnote = {Provided by the SAO/NASA Astrophysics Data System}
}

@ARTICLE{Feldman1978,
   author = {{Feldman}, W.~C. and {Asbridge}, J.~R. and {Bame}, S.~J. and 
	{Gosling}, J.~T.},
    title = "{Long-term variations of selected solar wind properties - IMP 6, 7, and 8 results}",
  journal = {\jgr},
 keywords = {Abundance, Helium, Imp, Periodic Variations, Satellite Observation, Solar Wind Velocity, Hydrogen, Long Term Effects, Particle Flux Density, Plasma Temperature, Proton Energy, Solar Corona, Solar Cycles},
     year = 1978,
    month = may,
   volume = 83,
    pages = {2177-2189},
      doi = {10.1029/JA083iA05p02177},
   adsurl = {http://adsabs.harvard.edu/abs/1978JGR....83.2177F},
  adsnote = {Provided by the SAO/NASA Astrophysics Data System}
}

@ARTICLE{Fox2015,
   author = {{Fox}, N.~J. and {Velli}, M.~C. and {Bale}, S.~D. and {Decker}, R. and 
	{Driesman}, A. and {Howard}, R.~A. and {Kasper}, J.~C. and {Kinnison}, J. and 
	{Kusterer}, M. and {Lario}, D. and {Lockwood}, M.~K. and {McComas}, D.~J. and 
	{Raouafi}, N.~E. and {Szabo}, A.},
    title = "{The Solar Probe Plus Mission: Humanity's First Visit to Our Star}",
  journal = {\ssr},
 keywords = {Solar Probe Plus, SPP, Corona, Heliophysics, NASA mission, Solar wind},
     year = 2015,
    month = nov,
      doi = {10.1007/s11214-015-0211-6},
   adsurl = {http://adsabs.harvard.edu/abs/2015SSRv..tmp..105F},
  adsnote = {Provided by the SAO/NASA Astrophysics Data System}
}

@ARTICLE{Gurnett2013,
   author = {{Gurnett}, D.~A. and {Kurth}, W.~S. and {Burlaga}, L.~F. and 
	{Ness}, N.~F.},
    title = "{In Situ Observations of Interstellar Plasma with Voyager 1}",
  journal = {Science},
     year = 2013,
    month = sep,
   volume = 341,
    pages = {1489-1492},
      doi = {10.1126/science.1241681},
   adsurl = {http://adsabs.harvard.edu/abs/2013Sci...341.1489G},
  adsnote = {Provided by the SAO/NASA Astrophysics Data System}
}

@ARTICLE{Kasper2012,
   author = {{Kasper}, J.~C. and {Stevens}, M.~L. and {Korreck}, K.~E. and 
	{Maruca}, B.~A. and {Kiefer}, K.~K. and {Schwadron}, N.~A. and 
	{Lepri}, S.~T.},
    title = "{Evolution of the Relationships between Helium Abundance, Minor Ion Charge State, and Solar Wind Speed over the Solar Cycle}",
  journal = {\apj},
 keywords = {acceleration of particles, interplanetary medium, plasmas, Sun: abundances, Sun: corona, Sun: fundamental parameters},
     year = 2012,
    month = feb,
   volume = 745,
      eid = {162},
    pages = {162},
      doi = {10.1088/0004-637X/745/2/162},
   adsurl = {http://adsabs.harvard.edu/abs/2012ApJ...745..162K},
  adsnote = {Provided by the SAO/NASA Astrophysics Data System}
}

@ARTICLE{King2005,
   author = {{King}, J.~H. and {Papitashvili}, N.~E.},
    title = "{Solar wind spatial scales in and comparisons of hourly Wind and ACE plasma and magnetic field data}",
  journal = {Journal of Geophysical Research (Space Physics)},
 keywords = {Interplanetary Physics: Interplanetary magnetic fields, Interplanetary Physics: Solar wind plasma, Interplanetary Physics: Instruments and techniques, Interplanetary Physics: Solar cycle variations (7536), solar wind},
     year = 2005,
    month = feb,
   volume = 110,
      eid = {A02104},
    pages = {A02104},
      doi = {10.1029/2004JA010649},
   adsurl = {http://adsabs.harvard.edu/abs/2005JGRA..110.2104K},
  adsnote = {Provided by the SAO/NASA Astrophysics Data System}
}

@ARTICLE{Leblanc1998,
   author = {{Leblanc}, Y. and {Dulk}, G.~A. and {Bougeret}, J.-L.},
    title = "{Tracing the Electron Density from the Corona to 1au}",
  journal = {\solphys},
     year = 1998,
    month = nov,
   volume = 183,
    pages = {165-180},
      doi = {10.1023/A:1005049730506},
   adsurl = {http://adsabs.harvard.edu/abs/1998SoPh..183..165L},
  adsnote = {Provided by the SAO/NASA Astrophysics Data System}
}

@ARTICLE{McGregor2011a,
   author = {{McGregor}, S.~L. and {Hughes}, W.~J. and {Arge}, C.~N. and 
	{Owens}, M.~J. and {Odstrcil}, D.},
    title = "{The distribution of solar wind speeds during solar minimum: Calibration for numerical solar wind modeling constraints on the source of the slow solar wind}",
  journal = {Journal of Geophysical Research (Space Physics)},
 keywords = {Space Weather: Models, Space Weather: Forecasting (1922, 2722, 4315), Solar Physics, Astrophysics, and Astronomy: Corona, and Astronomy: Magnetic fields, solar wind, modeling, forecasting, corona},
     year = 2011,
    month = mar,
   volume = 116,
      eid = {A03101},
    pages = {A03101},
      doi = {10.1029/2010JA015881},
   adsurl = {http://adsabs.harvard.edu/abs/2011JGRA..116.3101M},
  adsnote = {Provided by the SAO/NASA Astrophysics Data System}
}

@ARTICLE{McGregor2011b,
   author = {{McGregor}, S.~L. and {Hughes}, W.~J. and {Arge}, C.~N. and 
	{Odstrcil}, D. and {Schwadron}, N.~A.},
    title = "{The radial evolution of solar wind speeds}",
  journal = {Journal of Geophysical Research (Space Physics)},
 keywords = {Solar Physics, Astrophysics, and Astronomy: General or miscellaneous, Space Weather: Models, solar wind, ionic charge states},
     year = 2011,
    month = mar,
   volume = 116,
      eid = {A03106},
    pages = {A03106},
      doi = {10.1029/2010JA016006},
   adsurl = {http://adsabs.harvard.edu/abs/2011JGRA..116.3106M},
  adsnote = {Provided by the SAO/NASA Astrophysics Data System}
}

@ARTICLE{Neugebauer1966,
   author = {{Neugebauer}, M. and {Snyder}, C.~W.},
    title = "{Mariner 2 Observations of the Solar Wind, 1, Average Properties}",
  journal = {\jgr},
     year = 1966,
    month = oct,
   volume = 71,
    pages = {4469},
      doi = {10.1029/JZ071i019p04469},
   adsurl = {http://adsabs.harvard.edu/abs/1966JGR....71.4469N},
  adsnote = {Provided by the SAO/NASA Astrophysics Data System}
}

@ARTICLE{Parker1958,
   author = {{Parker}, E.~N.},
    title = "{Dynamics of the Interplanetary Gas and Magnetic Fields.}",
  journal = {\apj},
     year = 1958,
    month = nov,
   volume = 128,
    pages = {664},
      doi = {10.1086/146579},
   adsurl = {http://adsabs.harvard.edu/abs/1958ApJ...128..664P},
  adsnote = {Provided by the SAO/NASA Astrophysics Data System}
}

@ARTICLE{Richardson2012,
   author = {{Richardson}, I.~G. and {Cane}, H.~V.},
    title = "{Near-earth solar wind flows and related geomagnetic activity during more than four solar cycles (1963-2011)}",
  journal = {Journal of Space Weather and Space Climate},
 keywords = {Stream, Solar cycle, Interplanetary Coronal Mass Ejection (CME), Interplanetary medium},
     year = 2012,
    month = may,
   volume = 2,
   number = 27,
      eid = {A02},
    pages = {A2},
      doi = {10.1051/swsc/2012003},
   adsurl = {http://adsabs.harvard.edu/abs/2012JSWSC...2A..02R},
  adsnote = {Provided by the SAO/NASA Astrophysics Data System}
}

@ARTICLE{Rosenbauer1977,
   author = {{Rosenbauer}, H. and {Schwenn}, R. and {Marsch}, E. and {Meyer}, B. and 
	{Miggenrieder}, H. and {Montgomery}, M.~D. and {Muehlhaeuser}, K.~H. and 
	{Pilipp}, W. and {Voges}, W. and {Zink}, S.~M.},
    title = "{A survey on initial results of the HELIOS plasma experiment}",
  journal = {Journal of Geophysics Zeitschrift Geophysik},
 keywords = {Helios 1, Plasma Diagnostics, Solar Electrons, Solar Protons, Solar Wind, Electron Distribution, Radial Distribution, Solar Corona, Solar Wind Velocity},
     year = 1977,
   volume = 42,
    pages = {561-580},
   adsurl = {http://adsabs.harvard.edu/abs/1977JGZG...42..561R},
  adsnote = {Provided by the SAO/NASA Astrophysics Data System}
}

@ARTICLE{Sanchez-Diaz2016,
   author = {{Sanchez-Diaz}, E. and {Rouillard}, A.~P. and {Lavraud}, B. and 
	{Segura}, K. and {Tao}, C. and {Pinto}, R. and {Sheeley}, N.~R. and 
	{Plotnikov}, I.},
    title = "{The very slow solar wind: Properties, origin and variability}",
  journal = {Journal of Geophysical Research (Space Physics)},
 keywords = {slow solar wind, helium abundance, Helios, heliospheric plasma sheet},
     year = 2016,
    month = apr,
   volume = 121,
    pages = {2830-2841},
      doi = {10.1002/2016JA022433},
   adsurl = {http://adsabs.harvard.edu/abs/2016JGRA..121.2830S},
  adsnote = {Provided by the SAO/NASA Astrophysics Data System}
}

@INPROCEEDINGS{Schwenn1983,
   author = {{Schwenn}, R.},
    title = "{The average solar wind in the inner heliosphere: Structures and slow variations}",
 keywords = {Helios 1, Helios 2, Heliosphere, Solar Cycles, Solar Wind, Solar Wind Velocity, Estimates, Shock Waves, Solar Corona, Variations},
booktitle = {NASA Conference Publication},
     year = 1983,
   series = {NASA Conference Publication},
   volume = 228,
    month = nov,
   adsurl = {http://adsabs.harvard.edu/abs/1983NASCP.2280.489S},
  adsnote = {Provided by the SAO/NASA Astrophysics Data System}
}

@INBOOK{Schwenn1990,
   author = {{Schwenn}, R.},
    title = "{Large-Scale Structure of the Interplanetary Medium}",
booktitle = {Physics of the Inner Heliosphere I},
     year = 1990,
   editor = {{Schwenn}, R. and {Marsch}, E.},
    pages = {99},
   adsurl = {http://adsabs.harvard.edu/abs/1990pihl.book...99S},
  adsnote = {Provided by the SAO/NASA Astrophysics Data System}
}

@ARTICLE{Sheeley1997,
   author = {{Sheeley}, N.~R. and {Wang}, Y.-M. and {Hawley}, S.~H. and {Brueckner}, G.~E. and 
	{Dere}, K.~P. and {Howard}, R.~A. and {Koomen}, M.~J. and {Korendyke}, C.~M. and 
	{Michels}, D.~J. and {Paswaters}, S.~E. and {Socker}, D.~G. and 
	{St.~Cyr}, O.~C. and {Wang}, D. and {Lamy}, P.~L. and {Llebaria}, A. and 
	{Schwenn}, R. and {Simnett}, G.~M. and {Plunkett}, S. and {Biesecker}, D.~A.
	},
    title = "{Measurements of Flow Speeds in the Corona Between 2 and 30 R$_{⊙}$}",
  journal = {\apj},
 keywords = {Sun: Solar Wind, Sun: Corona, Sun: Particle Emission},
     year = 1997,
    month = jul,
   volume = 484,
    pages = {472-478},
   adsurl = {http://adsabs.harvard.edu/abs/1997ApJ...484..472S},
  adsnote = {Provided by the SAO/NASA Astrophysics Data System}
}

@ARTICLE{sidc,
   author = {{SILSO World Data Center}},
  address = {Royal Observatory of Belgium, Ringlaan 3, 1180 Brussel, Belgium},
    title = "{The International Sunspot Number}",
  journal = {International Sunspot Number Monthly Bulletin and online catalogue},
     year = {1963--2016},
    month = {},
   volume = {},
    pages = {},
   adsurl = {http://www.sidc.be/silso/,},
  adsnote = {}
}

@ARTICLE{Sittler1999,
   author = {{Sittler}, Jr., E.~C. and {Guhathakurta}, M.},
    title = "{Semiempirical Two-dimensional MagnetoHydrodynamic Model of the Solar Corona and Interplanetary Medium}",
  journal = {\apj},
 keywords = {INTERPLANETARY MEDIUM, MAGNETOHYDRODYNAMICS: MHD, SUN: SOLAR WIND, SUN: CORONA, SUN: MAGNETIC FIELDS, Interplanetary Medium, Magnetohydrodynamics: MHD, Sun: Solar Wind, Sun: Corona, Sun: Magnetic Fields},
     year = 1999,
    month = oct,
   volume = 523,
    pages = {812-826},
      doi = {10.1086/307742},
   adsurl = {http://adsabs.harvard.edu/abs/1999ApJ...523..812S},
  adsnote = {Provided by the SAO/NASA Astrophysics Data System}
}

@INPROCEEDINGS{Smith2003,
   author = {{Smith}, E.~J. and {Balogh}, A.},
    title = "{Open Magnetic Flux: Variation with Latitude and Solar Cycle}",
 keywords = {Particle emission solar wind, Interplanetary magnetic fields, Solar wind plasma, sources of solar wind},
booktitle = {Solar Wind Ten},
     year = 2003,
   series = {American Institute of Physics Conference Series},
   volume = 679,
   editor = {{Velli}, M. and {Bruno}, R. and {Malara}, F. and {Bucci}, B.
	},
    month = sep,
    pages = {67-70},
      doi = {10.1063/1.1618543},
   adsurl = {http://adsabs.harvard.edu/abs/2003AIPC..679...67S},
  adsnote = {Provided by the SAO/NASA Astrophysics Data System}
}

@ARTICLE{Vourlidas2016,
   author = {{Vourlidas}, A. and {Howard}, R.~A. and {Plunkett}, S.~P. and 
	{Korendyke}, C.~M. and {Thernisien}, A.~F.~R. and {Wang}, D. and 
	{Rich}, N. and {Carter}, M.~T. and {Chua}, D.~H. and {Socker}, D.~G. and 
	{Linton}, M.~G. and {Morrill}, J.~S. and {Lynch}, S. and {Thurn}, A. and 
	{Van Duyne}, P. and {Hagood}, R. and {Clifford}, G. and {Grey}, P.~J. and 
	{Velli}, M. and {Liewer}, P.~C. and {Hall}, J.~R. and {DeJong}, E.~M. and 
	{Mikic}, Z. and {Rochus}, P. and {Mazy}, E. and {Bothmer}, V. and 
	{Rodmann}, J.},
    title = "{The Wide-Field Imager for Solar Probe Plus (WISPR)}",
  journal = {\ssr},
 keywords = {Solar probe plus, Heliospheric imager, Solar corona, Solar wind, Imaging, Thomson scattering},
     year = 2016,
    month = dec,
   volume = 204,
    pages = {83-130},
      doi = {10.1007/s11214-014-0114-y},
   adsurl = {http://adsabs.harvard.edu/abs/2016SSRv..204...83V},
  adsnote = {Provided by the SAO/NASA Astrophysics Data System}
}

@ARTICLE{Wang2000,
   author = {{Wang}, Y.-M. and {Sheeley}, N.~R. and {Socker}, D.~G. and {Howard}, R.~A. and 
	{Rich}, N.~B.},
    title = "{The dynamical nature of coronal streamers}",
  journal = {\jgr},
 keywords = {Solar Physics, Astrophysics, and Astronomy},
     year = 2000,
    month = nov,
   volume = 105,
    pages = {25133-25142},
      doi = {10.1029/2000JA000149},
   adsurl = {http://adsabs.harvard.edu/abs/2000JGR...10525133W},
  adsnote = {Provided by the SAO/NASA Astrophysics Data System}
}
